@article{Elizarev2022,
  author       = {Elizarev, M. and Khlyupin, A.},
  title        = {Efficient Dimensionality Reduction of Nonlinear Fundamental Solution for Well Placement Optimization},
  journal      = {},
  year         = {2022},
  volume       = {2022},
  number       = {1},
  pages        = {1-15},
  doi          = {https://doi.org/10.3997/2214-4609.202244060},
  url          = {https://www.earthdoc.org/content/papers/10.3997/2214-4609.202244060},
  publisher    = {European Association of Geoscientists &amp; Engineers},
  issn         = {2214-4609},
  type         = {},
  authorscopus = {true}
},

@article{Elizarev_2021,
  doi          = {10.1007/s10596-021-10081-y},
  url          = {https://doi.org/10.1007%2Fs10596-021-10081-y},
  year         = 2021,
  month        = {10},
  publisher    = {Springer Science and Business Media {LLC}},
  volume       = {25},
  number       = {6},
  pages        = {2019--2031},
  author       = {Maksim Elizarev and Andrei Mukhin and Aleksey Khlyupin},
  title        = {Objective-sensitive principal component analysis for high-dimensional inverse problems},
  journal      = {Computational Geosciences},
  authorscopus = {true}
},
@article{Elizarev2020,
  author       = {Mukhin, A. and Elizarev, M. and Voskresenskiy, N. and Khlyupin, A.},
  title        = {Application of Dynamic Parametrization Algorithm for Non-Intrusive History Matching Approaches},
  journal      = {},
  year         = {2020},
  volume       = {2020},
  number       = {1},
  pages        = {1-13},
  doi          = {https://doi.org/10.3997/2214-4609.202035045},
  url          = {https://www.earthdoc.org/content/papers/10.3997/2214-4609.202035045},
  publisher    = {European Association of Geoscientists &amp; Engineers},
  issn         = {2214-4609},
  authorscopus = {true}
},
@inproceedings{Elizarev_2019,
  doi          = {10.2118/199769-stu},
  url          = {https://doi.org/10.2118%2F199769-stu},
  year         = 2019,
  month        = {9},
  publisher    = {SPE Annual Technical Conference and Exhibition},
  author       = {Maksim Elizarev},
  title        = {Numerical Simulation of Multiphase Non-Darcy Flows: Generalized Approach},
  booktitle    = {},
  authorscopus = {true},
  authorconf   = {true}
}


% url = {https://www.elibrary.ru/item.asp?id=44828410},
@conference{Elizarev_MIPT_conference,
  author     = {Максим Елизарьев and Дмитрий Максимов},
  title      = {Численное моделирование многофазных течений в пористой среде с отклонениями от закона Дарси},
  year       = {2018},
  eventtitle = {61-я Всероссийская научная конференция МФТИ},
  authorconf = {true}
}
