
2018. – 357 с. – (Фундаментальная и прикладная физика). – EDN NBFZTY.

Численное моделирование многофазных течений в пористой среде с отклонениями
от закона Дарси

https://conf.mipt.ru/page/conference-materials

https://mipt.ru/science/5top100/education/!%D0%A4%D0%90%D0%9A%D0%A2_2.pdf

https://mipt.ru/science/5top100/education/!%D0%9F%D1%80%D0%BE%D0%B3%D1%80%D0%B0%D0%BC%D0%BC%D0%B0.pdf
